@inproceedings{zhu2014context,
  title={Context-free attacks using keyboard acoustic emanations},
  author={Zhu, Tong and Ma, Qiang and Zhang, Shanfeng and Liu, Yunhao},
  booktitle={Proceedings of the 2014 ACM SIGSAC Conference on Computer and Communications Security},
  pages={453--464},
  year={2014},
  organization={ACM}
}


@inproceedings{liu2015snooping,
  title={Snooping keystrokes with mm-level audio ranging on a single phone},
  author={Liu, Jian and Wang, Yan and Kar, Gorkem and Chen, Yingying and Yang, Jie and Gruteser, Marco},
  booktitle={Proceedings of the 21st Annual International Conference on Mobile Computing and Networking},
  pages={142--154},
  year={2015},
  organization={ACM}
}


@inproceedings{boufounos20081,
  title={1-bit compressive sensing},
  author={Boufounos, Petros T and Baraniuk, Richard G},
  booktitle={Information Sciences and Systems, 2008. CISS 2008. 42nd Annual Conference on},
  pages={16--21},
  year={2008},
  organization={IEEE}
}


@inproceedings{movahed2012robust,
  title={A robust RFPI-based 1-bit compressive sensing reconstruction algorithm},
  author={Movahed, Amin and Panahi, Ashkan and Durisi, Giuseppe},
  booktitle={Information Theory Workshop (ITW), 2012 IEEE},
  pages={567--571},
  year={2012},
  organization={IEEE}
}


@inproceedings{zhang2011sparse,
  title={Sparse target counting and localization in sensor networks based on compressive sensing},
  author={Zhang, Bowu and Cheng, Xiuzhen and Zhang, Nan and Cui, Yong and Li, Yingshu and Liang, Qilian},
  booktitle={INFOCOM, 2011 Proceedings IEEE},
  pages={2255--2263},
  year={2011},
  organization={IEEE}
}


@inproceedings{feng2010compressive,
  title={Compressive sensing based positioning using RSS of WLAN access points},
  author={Feng, Chen and Au, Wain Sy Anthea and Valaee, Shahrokh and Tan, Zhenhui},
  booktitle={INFOCOM, 2010 Proceedings IEEE},
  pages={1--9},
  year={2010},
  organization={Ieee}
}